
@online{freitag_translokalitat_2022,
	title = {Translokalität als ein Zugang zur Geschichte globaler Verflechtungen {\textbar} H-Soz-Kult. Kommunikation und Fachinformation für die Geschichtswissenschaften {\textbar} Geschichte im Netz {\textbar} History in the web},
	url = {http://www.connections.clio-online.net/debate/id/diskussionen-632},
	abstract = {*Einleitung*[1]
Das Projekt von \_geschichte.transnational\_, gängige räumliche Begrenzungen der Disziplin zu überwinden, wenn auch zunächst primär im Hinblick auf europäische Geschichte, weist eine Reihe von Gemeinsamkeiten mit einem anderen Projekt auf, das wir hier vorstellen möchten.},
	titleaddon = {H-Soz-Kult. Kommunikation und Fachinformation für die Geschichtswissenschaften},
	author = {Freitag, Ulrike},
	urldate = {2022-06-01},
	date = {2022-06-01},
	langid = {german},
}

@incollection{wolf_graphische_2010,
	location = {Wiesbaden},
	title = {Graphische Datenexploration},
	isbn = {9783531163390 9783531920382},
	url = {http://link.springer.com/10.1007/978-3-531-92038-2_5},
	pages = {91--116},
	booktitle = {Handbuch der sozialwissenschaftlichen Datenanalyse},
	publisher = {{VS} Verlag für Sozialwissenschaften},
	author = {Degen, Horst},
	editor = {Wolf, Christof and Best, Henning},
	urldate = {2022-05-31},
	date = {2010},
	langid = {german},
	doi = {10.1007/978-3-531-92038-2_5},
}

@book{records_funktionelle_2006,
	title = {Funktionelle Anforderungen an bibliografische Datensätze: Abschlussbericht (2006)},
	rights = {International Federation of Library Associations and Institutions ({IFLA})},
	isbn = {9783933641762},
	url = {https://repository.ifla.org/handle/123456789/817},
	shorttitle = {Funktionelle Anforderungen an bibliografische Datensätze},
	abstract = {Die „Functional Requirements for Bibliographic Records“ stellen ein Modell dar, das unabhängig von einem Regelwerk oder einer bestimmten Anwendung Beziehungen zwischen Entitäten benennt und dabei auf die Benutzeranforderungen Finden, Identifizieren, Auswählen und Zugang erhalten eingeht. Hier stehen die {FRBR} in bester Tradition der so genannten „Pariser Prinzipien“ (Statement of Principles, 1961), mit denen die {IFLA} eine wichtige Grundlage für viele Regelwerke schuf. Mit dem „Statement of International Cataloguing Principles“ wird derzeit in einer mehrjährigen {IFLA}-Konferenzfolge an einer Aktualisierung dieser Prinzipien gearbeitet, für die das {FRBR}-Modell eine wichtige Rolle spielt.},
	publisher = {Deutsche Nationalbibliothek},
	author = {Records, {IFLA} Study Group on the Functional Requirements for Bibliographic},
	urldate = {2022-05-28},
	date = {2006-10},
	langid = {german},
}

@book{wersig_thesaurus-leitfaden_1978,
	title = {Thesaurus-Leitfaden: Eine Einführung in das Thesaurus-Prinzip in Theorie und Praxis},
	isbn = {9783111412719},
	url = {https://www.degruyter.com/document/doi/10.1515/9783111412719/html},
	shorttitle = {Thesaurus-Leitfaden},
	publisher = {De Gruyter},
	author = {Wersig, Gernot},
	urldate = {2022-05-26},
	date = {1978-12-31},
	doi = {10.1515/9783111412719},
}

@collection{jannidis_digital_2017,
	location = {Stuttgart},
	title = {Digital Humanities},
	isbn = {9783476026224 9783476054463},
	url = {http://link.springer.com/10.1007/978-3-476-05446-3},
	publisher = {J.B. Metzler},
	editor = {Jannidis, Fotis and Kohle, Hubertus and Rehbein, Malte},
	urldate = {2022-05-26},
	date = {2017},
	langid = {german},
	doi = {10.1007/978-3-476-05446-3},
}

@article{gradmann_linked_2012,
	title = {Linked Data},
	url = {https://edoc.hu-berlin.de/handle/18452/7279},
	doi = {10.18452/6627},
	author = {Gradmann, Stefan and Hennicke, Steffen and Olensky, Marlies},
	editora = {{Humboldt-Universität Zu Berlin} and {Humboldt-Universität Zu Berlin} and Schirmbacher, Peter},
	editoratype = {collaborator},
	urldate = {2022-05-22},
	date = {2012-03-01},
	keywords = {Linked open Data, {RDF}, {RDFS}, Semantic Web, World Wide Web},
}

@collection{danowski_open_2013,
	title = {(Open) Linked Data in Bibliotheken:},
	isbn = {9783110276343},
	url = {https://www.degruyter.com/document/doi/10.1515/9783110278736/html},
	shorttitle = {(Open) Linked Data in Bibliotheken},
	publisher = {{DE} {GRUYTER} {SAUR}},
	editor = {Danowski, Patrick and Pohl, Adrian},
	urldate = {2022-05-22},
	date = {2013-09-16},
	doi = {10.1515/9783110278736},
}

@article{stein_linked_2014,
	title = {Linked Open Data – Wie das Web zur Semantik kam},
	volume = {38},
	issn = {1865-7648, 0341-4183},
	url = {https://www.degruyter.com/document/doi/10.1515/bfp-2014-0055/html},
	doi = {10.1515/bfp-2014-0055},
	number = {3},
	journaltitle = {Bibliothek Forschung und Praxis},
	author = {Stein, Christian},
	urldate = {2022-05-22},
	date = {2014-01-19},
}

@article{datacite_metadata_working_group_datacite_2021,
	title = {{DataCite} to Dublin Core Mapping v4.4.},
	url = {https://schema.datacite.org/dc/},
	doi = {10.14454/QN00-QX85},
	abstract = {On the occasion of the release of v4.4 of the {DataCite} Metadata Schema its Metadata Working Group has updated the mapping to Dublin Core. This replaces the mapping in the Appendix of the {DataCite}-{MetadataKernel} v2.1. The mapping can be used to convert records described following version 4.4 of the {DataCite} Metadata Schema into records that comply with the Dublin Core Metadata Initiative Schema.},
	pages = {7 pages},
	author = {{DataCite Metadata Working Group}},
	editora = {{de Smaele, Madeleine} and {Bernal Martínez, Isabel} and {Dasler, Robin} and {Ashton, Jan} and {Roy, Sophie} and {Fenner, Martin} and {Chiloane, Leo} and {Burger, Marleen} and {Yahia, Mohamed} and {Zolly, Lisa} and {Habermann, Ted} and {Raugh, Anne} and {Ilik, Violeta} and {Foulger, Samantha}},
	editoratype = {collaborator},
	urldate = {2022-05-20},
	date = {2021},
	langid = {english},
}

@article{schroder_historische_1988,
	title = {Historische Sozialforschung: Forschungsstrategie - Infrastruktur - Auswahlbibliographie},
	issn = {0936-6784},
	shorttitle = {Historische Sozialforschung},
	abstract = {Intention dieses Beiheftes ist es, einen ersten allgemeinen Einblick in die Forschungsstrategie der Historischen Sozialforschung zu vermitteln und insbesondere den Anfänger mit der Infrastruktur und der wichtigsten Literatur vertraut zu machen. Im Kapitel zur Forschungsstrategie der quantitativen Historischen Sozialforschung werden die Grundsteine der Theorie und Begriffsbildung, der Operationalisierung und Indikatorenbildung sowie der Datenerhebung dargestellt. Im Teil über die Infrastruktur werden Angaben über das Zentrum für Historische Sozialforschung ({ZHSF}), die Arbeitsgemeinschaft für Quantifizierung und Methoden in der historisch-sozialwissenschaftlichen Forschung ({QUANTUM}) sowie weitere Organisationen und einschlägige Zeitschriften wiedergegeben. Die Auswahlbibliographie umfaßt Lehrbücher, Sammelbände sowie Literatur zur Methodologie, zu {EDV}-Einsatz und Statistik. Der Anhang enthält die Inhaltsverzeichnisse der Zeitschrift 'Historical Social Research' aus den Jahren 1976-1988. (psz)},
	pages = {109},
	number = {1},
	journaltitle = {Historical Social Research, Supplement},
	author = {Schröder, Wilhelm Heinz},
	date = {1988},
	langid = {german},
	keywords = {Forschungsansatz, Geschichtswissenschaft, Infrastruktur, Lehrbuch, Sozialforschung, Zeitschrift, historical social research, historische Sozialforschung, infrastructure, periodical, quantitative Methode, quantitative method, research approach, science of history, social research, textbook},
}

@book{aly_restlose_2018,
	title = {Die restlose Erfassung Volkszählen, Identifizieren, Aussondern im Nationalsozialismus},
	isbn = {9783104907925},
	url = {https://nbn-resolving.org/urn:nbn:de:101:1-2018060622115346573988},
	shorttitle = {Die restlose Erfassung Volkszä},
	author = {Aly, Götz and Roth, Karl Heinz},
	urldate = {2022-05-18},
	date = {2018},
	note = {{OCLC}: 1187449352},
}

@report{kling_deutscher_2016,
	location = {Mannheim},
	title = {Deutscher Reichsanzeiger und Preußischer Staatsanzeiger : Einleitung zur Veröffentlichung der Digitalausgabe},
	url = {https://ub-madoc.bib.uni-mannheim.de/41378},
	shorttitle = {Deutscher Reichsanzeiger und Preußischer Staatsanzeiger},
	abstract = {The Deutscher Reichsanzeiger und Preußischer Staatsanzeiger (German Imperial Gazette and
Prussian Official Gazette) was a newspaper, which appeared presumably until April 14, 1945 and
acted as official organ of the German Empire and the state of Prussia. The history of the paper reaches
back over several predecessors with other titles to the initial issue that was published on January 2,
1819. Alongside interesting government controlled editorial sections, its value lies in an enormous
treasure of orderly gathered microdata. The digital release of the whole series of newspapers based
on existing microfilms raises questions of interested users, mainly about content, completeness and
obstacles to the use. Part 1 and 2 give an overview over the Reichsanzeiger and the legal history
research project on bankruptcy that led to the digital edition. Part 3 to 6 provide details mainly for
users with interest in systematic and comprehensive exploitation of content. Part 7 closes with an
outlook to further developments.},
	type = {Bericht},
	author = {Kling, Christoph},
	urldate = {2022-05-18},
	date = {2016},
	langid = {german},
}

@article{ferguson_helmholtz_2020,
	title = {Helmholtz Open Science Briefing: Gute (digitale) wissenschaftliche Praxis und Open Science: Support und Best Practices zur Umsetzung des {DFG}-Kodex „Leitlinien zur Sicherung guter wissenschaftlicher Praxis“ (Version 1.0)},
	rights = {Creative Commons Attribution 4.0 International},
	url = {https://gfzpublic.gfz-potsdam.de/pubman/item/item_5004009},
	doi = {10.2312/OS.HELMHOLTZ.012},
	shorttitle = {Helmholtz Open Science Briefing},
	abstract = {Seit dem 01.08.2019 ist der Kodex „Leitlinien zur Sicherung guter wissenschaftlicher Praxis“ der Deutschen Forschungsgemeinschaft ({DFG}) gültig. Für viele der im {DFG}-Kodex enthaltenen Leitlinien sind Open-Science-Aspekte relevant. Das Helmholtz Open Science Office stellt für diese Aspekte die vorliegende Handreichung bereit. Diese Handreichung beschreibt praxisnah anhand ausgewählter Empfehlungen des {DFG}-Kodexes die Relevanz von Open Science bei der Implementierung des Kodexes an den Helmholtz-Zentren. Anliegen des Helmholtz Open Science Office ist es, mit dieser Handreichung Impulse zur Verankerung von Open Science in der guten (digitalen) wissenschaftlichen Praxis zu geben.},
	pages = {19 pages},
	author = {Ferguson, Lea Maria and Pampel, Heinz and Bruch, Christoph and Bertelmann, Roland and Weisweiler, Nina and Schrader, Antonia and Messerschmidt, Reinhard and Faensen, Katja},
	urldate = {2022-05-13},
	date = {2020},
	langid = {german},
}

@article{lindenberger_radikale_1989,
	title = {Radikale Pluralität: Geschichtswerkstätten als praktische Wissenschaftskritik},
	volume = {29},
	url = {http://library.fes.de/jportal/receive/jportal_jparticle_00013422},
	shorttitle = {Radikale Pluralität},
	author = {Lindenberger, Thomas and Wildt, Michael},
	urldate = {2022-05-07},
	date = {1989},
	langid = {german},
}

@book{lindqvist_grabe_1989,
	location = {Bonn},
	title = {Grabe, wo du stehst: Handbuch zur Erforschung der eigenen Geschichte},
	isbn = {9783801201449},
	shorttitle = {Grabe, wo du stehst},
	pagetotal = {336},
	publisher = {Dietz},
	author = {Lindqvist, Sven and Dammeyer, Manfred and Lindqvist, Sven and Lindqvist, Sven},
	date = {1989},
}

@collection{buttner_handbuch_2011,
	location = {Bad Honnef},
	title = {Handbuch Forschungsdatenmanagement},
	isbn = {9783883472836},
	pagetotal = {223},
	publisher = {Bock + Herchen},
	editor = {Büttner, Stephan and Hobohm, Hans-Christoph and Müller, Lars},
	date = {2011},
}

@online{noauthor_linked_nodate,
	title = {Linked Data - Design Issues},
	url = {https://www.w3.org/DesignIssues/LinkedData.html},
	urldate = {2022-05-06},
}

@article{blumesberger_forschungsdaten_2021,
	title = {Forschungsdaten in den Geisteswissenschaften},
	rights = {Creative Commons Attribution 4.0 International},
	url = {https://www.o-bib.de/article/view/5739},
	doi = {10.5282/O-BIB/5739},
	abstract = {Der Beitrag konzentriert sich bewusst auf jene Daten in den Geisteswissenschaften, die sich nicht den Digital Humanities zuordnen lassen und damit nicht schon per se bewusst auf die digitale Dimension des Fachs fokussieren. Spätestens beim Ausfüllen der von den Fördergebern vorgeschriebenen Datenmanagementplänen stellt sich für viele Wissenschafter*innen die Frage, was denn nun in ihrem Fall eigentlich die Forschungsdaten sind, die sie sicher und langfristig verfügbar machen sollen. Handelt es sich dabei um die Texte die verwendet oder produziert werden oder die Bilder, auf die der Text Bezug nimmt? Die fehlende Auseinandersetzung mit Datenmanagement während des Studiums und beim Verfassens der Abschlussarbeit führt nicht nur dazu, dass viele Informationen, die von anderen Forscher*innen weitergenutzt werden könnten, verloren gehen, sondern auch zu Rechtsunsicherheiten und im schlimmsten Fall zu juristischen Problemen. Hier den richtigen Weg zwischen aus Furcht vor juristischen Konsequenzen zurückgehaltenen Informationen und einem möglichst offenen Umgang mit Daten zu finden, ist eine Gratwanderung und bedarf genauer Anleitungen und viel Hintergrundwissen. Wie man als Forschungsdatenmanager*in an Bibliotheken am besten Geisteswissenschaftler*innen dabei hilft „as open as possible, as closed as necessary“ zu agieren, soll im Rahmen des Beitrags andiskutiert werden.},
	pages = {1--8 Seiten},
	journaltitle = {o-bib. Das offene Bibliotheksjournal / Herausgeber {VDB}},
	author = {Blumesberger, Susanne},
	urldate = {2022-05-05},
	date = {2021-11-16},
	langid = {german},
}

@article{lin_trust_2020,
	title = {The {TRUST} Principles for digital repositories},
	volume = {7},
	rights = {2020 This is a U.S. government work and not under copyright protection in the U.S.; foreign copyright protection may apply},
	issn = {2052-4463},
	url = {https://www.nature.com/articles/s41597-020-0486-7},
	doi = {10.1038/s41597-020-0486-7},
	abstract = {As information and communication technology has become pervasive in our society, we are increasingly dependent on both digital data and repositories that provide access to and enable the use of such resources. Repositories must earn the trust of the communities they intend to serve and demonstrate that they are reliable and capable of appropriately managing the data they hold.},
	pages = {144},
	number = {1},
	journaltitle = {Scientific Data},
	shortjournal = {Sci Data},
	author = {Lin, Dawei and Crabtree, Jonathan and Dillo, Ingrid and Downs, Robert R. and Edmunds, Rorie and Giaretta, David and De Giusti, Marisa and L’Hours, Hervé and Hugo, Wim and Jenkyns, Reyna and Khodiyar, Varsha and Martone, Maryann E. and Mokrane, Mustapha and Navale, Vivek and Petters, Jonathan and Sierman, Barbara and Sokolova, Dina V. and Stockhause, Martina and Westbrook, John},
	urldate = {2022-05-05},
	date = {2020-05-14},
	langid = {english},
	keywords = {Genetic databases, Policy},
}

@article{wilkinson_fair_2016,
	title = {The {FAIR} Guiding Principles for scientific data management and stewardship},
	volume = {3},
	rights = {2016 The Author(s)},
	issn = {2052-4463},
	url = {https://www.nature.com/articles/sdata201618},
	doi = {10.1038/sdata.2016.18},
	abstract = {There is an urgent need to improve the infrastructure supporting the reuse of scholarly data. A diverse set of stakeholders—representing academia, industry, funding agencies, and scholarly publishers—have come together to design and jointly endorse a concise and measureable set of principles that we refer to as the {FAIR} Data Principles. The intent is that these may act as a guideline for those wishing to enhance the reusability of their data holdings. Distinct from peer initiatives that focus on the human scholar, the {FAIR} Principles put specific emphasis on enhancing the ability of machines to automatically find and use the data, in addition to supporting its reuse by individuals. This Comment is the first formal publication of the {FAIR} Principles, and includes the rationale behind them, and some exemplar implementations in the community.},
	pages = {160018},
	number = {1},
	journaltitle = {Scientific Data},
	shortjournal = {Sci Data},
	author = {Wilkinson, Mark D. and Dumontier, Michel and Aalbersberg, {IJsbrand} Jan and Appleton, Gabrielle and Axton, Myles and Baak, Arie and Blomberg, Niklas and Boiten, Jan-Willem and da Silva Santos, Luiz Bonino and Bourne, Philip E. and Bouwman, Jildau and Brookes, Anthony J. and Clark, Tim and Crosas, Mercè and Dillo, Ingrid and Dumon, Olivier and Edmunds, Scott and Evelo, Chris T. and Finkers, Richard and Gonzalez-Beltran, Alejandra and Gray, Alasdair J. G. and Groth, Paul and Goble, Carole and Grethe, Jeffrey S. and Heringa, Jaap and ’t Hoen, Peter A. C. and Hooft, Rob and Kuhn, Tobias and Kok, Ruben and Kok, Joost and Lusher, Scott J. and Martone, Maryann E. and Mons, Albert and Packer, Abel L. and Persson, Bengt and Rocca-Serra, Philippe and Roos, Marco and van Schaik, Rene and Sansone, Susanna-Assunta and Schultes, Erik and Sengstag, Thierry and Slater, Ted and Strawn, George and Swertz, Morris A. and Thompson, Mark and van der Lei, Johan and van Mulligen, Erik and Velterop, Jan and Waagmeester, Andra and Wittenburg, Peter and Wolstencroft, Katherine and Zhao, Jun and Mons, Barend},
	urldate = {2022-05-05},
	date = {2016-03-15},
	langid = {english},
	keywords = {Publication characteristics, Research data},
}

@collection{putnings_praxishandbuch_2021,
	title = {Praxishandbuch Forschungsdatenmanagement},
	isbn = {9783110657807},
	url = {https://www.degruyter.com/document/doi/10.1515/9783110657807/html},
	publisher = {De Gruyter},
	editor = {Putnings, Markus and Neuroth, Heike and Neumann, Janna},
	urldate = {2022-05-04},
	date = {2021-01-18},
	doi = {10.1515/9783110657807},
}

@online{noauthor_freies_2015,
	title = {Freies Wissen und Wissenschaft (Teil 05): Wikipedia als Instrument der Wissenschaftskommunikation},
	url = {https://blog.wikimedia.de/2015/10/21/freies-wissen-und-wissenschaft-teil-05-wikipedia-als-instrument-der-wissenschaftskommunikation/},
	shorttitle = {Freies Wissen und Wissenschaft (Teil 05)},
	abstract = {Open Access, Citizen Science, Open Research Data – Die Öffnung der Wissenschaft schreitet voran. Immer mehr Wissenschaftlerinnen und Wissenschaftler beschäftigen …},
	titleaddon = {Wikimedia Deutschland Blog},
	urldate = {2022-05-01},
	date = {2015-10-21},
	langid = {german},
}

@article{noauthor_open_2020,
	title = {Open Science for a Global Transformation: {CODATA}-coordinated submission to the {UNESCO} Open Science Consultation},
	volume = {42},
	issn = {1365-2192},
	url = {https://www.degruyter.com/document/doi/10.1515/ci-2020-0412/html},
	doi = {10.1515/ci-2020-0412},
	shorttitle = {Open Science for a Global Transformation},
	abstract = {{UNESCO} is preparing a Recommendation on Open Science to be adopted by Member States in 2021. To contribute to this process, {UNESCO} launched a global consultation gathering inputs from all regions and all interested stakeholders, through online consultations, regional and thematic meetings and numerous debates on implications, benefits and challenges of Open Science across the globe. Following exchanges on the {CODATA} International Discussion list, {CODATA} agreed to coordinate a joint response from a number of data and information organisations. That document—Open Science for a Global Transformation—was submitted to {UNESCO} on 15 June and, following minor editorial adjustments: https://doi.org/10.5281/zenodo.3935461},
	pages = {32--32},
	number = {4},
	journaltitle = {Chemistry International},
	urldate = {2022-05-01},
	date = {2020-10-01},
	langid = {german},
}

@article{fecher_replikationen_2017,
	title = {Replikationen, Reputation und gute wissenschaftliche Praxis},
	volume = {68},
	issn = {1619-4292},
	url = {https://www.degruyter.com/document/doi/10.1515/iwp-2017-0025/html},
	doi = {10.1515/iwp-2017-0025},
	abstract = {Zusammenfassung In Zeiten wachsender Publikationszahlen und zunehmend datenintensiver Forschung stoßen die klassischen Qualitätssicherungsmaßnahmen, wie die Peer-Review, an ihre Grenzen. Vor diesem Hintergrund werden Replikationsstudien verstärkt als gute wissenschaftliche Praxis und Lösungsansatz diskutiert, um dem Problem methodisch unzureichender und oftmals fehlerbehafteter Analysen zu begegnen. Denn schlechte Analysen untergraben nicht zuletzt das Vertrauen der Öffentlichkeit in die Wissenschaft. Dennoch werden in allen Disziplinen bisher nur wenige Replikationsstudien durchgeführt. In diesem Aufsatz zeigen wir die zentralen Probleme bei der Replizierbarkeit wissenschaftlicher Ergebnisse auf und schlagen Maßnahmen vor, die auf den impliziten Reputationsmechanismen der akademischen Wissenschaft beruhen},
	pages = {154--158},
	number = {2},
	journaltitle = {Information - Wissenschaft \& Praxis},
	author = {Fecher, Benedikt and Fräßdorf, Mathis and Hebing, Marcel and Wagner, Gert G.},
	urldate = {2022-05-01},
	date = {2017-04-25},
	langid = {german},
}

@online{noauthor_open_nodate,
	title = {Open Science Observatory},
	url = {https://osobservatory.openaire.eu/home},
	urldate = {2022-05-01},
}

@online{noauthor_helmholtz_nodate,
	title = {Helmholtz Open Science: Selbstverständnis des Arbeitskreises Open Science der Helmholtz-Gemeinschaft},
	url = {https://os.helmholtz.de/open-science-in-der-helmholtz-gemeinschaft/stakeholder-und-ihre-rollen/arbeitskreis-open-science/selbstverstaendnis-des-arbeitskreises-open-science-der-helmholtz-gemeinschaft/},
	abstract = {Selbstverständnis des Arbeitskreises Open Science der Helmholtz-Gemeinschaft: 
 (26.02.2015)
Der Begriff Open Science bezeichnet einen kulturellen …},
	urldate = {2022-05-01},
}

@report{behrens_fellow-programm_2022,
	title = {Fellow-Programm Freies Wissen 2016 - 2021},
	rights = {Creative Commons Attribution 4.0 International, Open Access},
	url = {https://zenodo.org/record/5788379},
	abstract = {{\textless}strong{\textgreater}Mit dem Fellow-Programm Freies Wissen unterstützte Wikimedia Deutschland e. V. – gemeinsam mit verschiedenen Partner*innen – Wissenschaftler*innen aus Deutschland, Österreich und der Schweiz über fünf Jahre dabei, ihre eigene Forschungsarbeit zu öffnen und damit zu Freiem Wissen beizutragen. Durch Qualifizierungsangebote, Mentoring, finanzielle Unterstützung und Vernetzung mit anderen Aktiven im Bereich Offene Wissenschaft konnten insgesamt 90 Fellows zu Praktiker*innen und Botschafter*innen für Freies Wissen ausgebildet werden. Die Fellows konnten durch die Teilnahme am Programm ihre Kenntnisse über Theorie und Praxis Offener Wissenschaft maßgeblich erweitern, ihr wissenschaftliches Umfeld dahingehend sensibilisieren und ihr Wissen weitergeben. Aus der Praxis-Community, die sich aus und um das Programm herum gebildet hat, gingen zahlreiche Initiativen zur Förderung Freien Wissens in der Wissenschaft hervor und es konnten einzelne Veränderungen zu Gunsten von Offener Wissenschaft auf institutioneller Ebene erreicht werden. {\textless}/strong{\textgreater}},
	institution = {Zenodo},
	author = {Behrens, Sarah and Schwarzkopf, Christopher and {Anna-Katharina Gödeke} and Scholl, Dominik and Schneider, Nico},
	urldate = {2022-04-30},
	date = {2022-02-01},
	langid = {german},
	doi = {10.5281/ZENODO.5788379},
	keywords = {Open Research, Open Scholarship, Open Science},
}

@incollection{fecher_open_2014,
	location = {Cham},
	title = {Open Science: One Term, Five Schools of Thought},
	isbn = {9783319000268},
	url = {https://doi.org/10.1007/978-3-319-00026-8_2},
	shorttitle = {Open Science},
	abstract = {Open Science is an umbrella term encompassing a multitude of assumptions about the future of knowledge creation and dissemination. Based on a literature review, this chapter aims at structuring the overall discourse by proposing five Open Science schools of thought: The infrastructure school (which is concerned with the technological architecture), the public school (which is concerned with the accessibility of knowledge creation), the measurement school (which is concerned with alternative impact measurement), the democratic school (which is concerned with access to knowledge) and the pragmatic school (which is concerned with collaborative research).},
	pages = {17--47},
	booktitle = {Opening Science: The Evolving Guide on How the Internet is Changing Research, Collaboration and Scholarly Publishing},
	publisher = {Springer International Publishing},
	author = {Fecher, Benedikt and Friesike, Sascha},
	editor = {Bartling, Sönke and Friesike, Sascha},
	urldate = {2022-04-30},
	date = {2014},
	langid = {english},
	doi = {10.1007/978-3-319-00026-8_2},
}

@report{codata_coordinated_expert_group_open_2020,
	title = {Open Science for a Global Transformation: {CODATA} coordinated submission to the {UNESCO} Open Science Consultation},
	rights = {Creative Commons Attribution 4.0 International, Open Access},
	url = {https://zenodo.org/record/3935461},
	shorttitle = {Open Science for a Global Transformation},
	abstract = {Open Science for a Global Transformation: {CODATA} coordinated submission to the {UNESCO} Open Science Consultation {UNESCO} is preparing a Recommendation on Open Science to be adopted by Member States in 2021. To contribute to this process, {UNESCO} launched a global consultation gathering inputs from all regions and all interested stakeholders, through online consultations, regional and thematic meetings and numerous debates on implications, benefits and challenges of Open Science across the globe. Input via an online consultation was requested by 15 June and {CODATA} was invited by the {UNESCO} Open Science team to present a detailed submission. Following exchanges on the {CODATA} International Discussion list {CODATA} agreed to coordinate a joint response from a number of data and information organisations. That document—Open Science for a Global Transformation—was submitted to {UNESCO} on 15 June and, following minor editorial adjustments, is now published here. Open Science is best characterised as the necessary transformation of scientific practice to adapt to the changes, challenges and opportunities of the 21st century digital era to advance knowledge and to improve our world. This requires changes in scientific culture, methodologies, institutions and infrastructures. These changes are already present in many research domains and institutions, where their transformative effects can be witnessed, but they are unevenly distributed. One of the purposes of Open Science viewed as a call for transformation, is to ensure that ‘no-one is left behind’. Open Science for a Global Transformation was prepared by an expert group, coordinated by {CODATA} and including representatives from the {ISC} World Data System ({WDS}), {GO} {FAIR} and the International Council for Scientific and Technical Information ({ICSTI}) These global data and information organisations have responsibilities for policy advice and promoting collaborations in relation to data and information; they are advocates of Open Science and are convinced of its necessity and benefits. The organisations believe—fundamentally—that it is important to win hearts and minds, to significantly transform science policy and practice, in order to facilitate the application of the technologies and methodologies associated with Open Science to improve our world and address global challenges. Open Science requires policy interventions and investments to ensure equitable participation and access to its benefits and to mitigate some negative consequences. The perspective brought by these organisations lays particular emphasis on maximising appropriate access to (re-)usable data. The Expert Group comprised: Paul Arthur Berkman, Founding Director, Science Diplomacy Center, Professor of Practice in Science Diplomacy, Fletcher School of Law and Diplomacy, Tufts University; Associated Fellow, United Nations Institute for Training and Research ({UNITAR}); Member of the {CODATA} Data Policy Committee. Jan Brase, head of the Research and Development at the State and University Library, Göttingen; President of {ICSTI}. Richard Hartshorn, Professor, School of Physical and Chemical Sciences, University of Canterbury; Secretary General of the International Union of Pure and Applied Chemistry; member of the {CODATA} Executive Committee. Simon Hodson, Executive Director, {CODATA}. Wim Hugo, Director of Strategy, {ISC} World Data System. Sabina Leonelli, Turing Fellow and Professor in Philosophy and History of Science, University of Exeter. Barend Mons, Professor in Biosemantics, Leiden University Medical Center; President of {CODATA}; Director {GO} {FAIR} International Support and Coordination Office. Hana Pergl, Operations Manager, {CODATA}. Hans Pfeiffenberger, Consultant, scientific data infrastructures and policies, Member of the {CODATA} Data Policy Committee, founder and member of the advisory board of Earth Systems Science Data.},
	institution = {Zenodo},
	author = {{CODATA Coordinated Expert Group} and {Berkman, Paul Arthur} and {Brase, Jan} and {Hartshorn, Richard} and {Hodson, Simon} and {Hugo, Wim} and {Leonelli, Sabina} and {Mons, Barend} and {Pergl, Hana} and {Pfeiffenberger, Hans}},
	urldate = {2022-04-28},
	date = {2020-07-08},
	langid = {english},
	doi = {10.5281/ZENODO.3935461},
	keywords = {{CARE} Principles, {CODATA}, Data Equity, Data Ethics, Data Policy, Data Standards, Data Together, {FAIR} Data, {FAIR} Principles, {GO} {FAIR}, {ICSTI}, Interoperability, Open Access, Open Data, Open Science, Semantics, {TRUST} Principles, {UNESCO}, {UNESCO} Open Science Consultation, {UNESCO} Open Science Recommendation, World Data System},
}

@article{renkewitz_replication_2019,
	title = {The Replication Crisis and Open Science in Psychology},
	volume = {227},
	issn = {2190-8370},
	url = {https://econtent.hogrefe.com/doi/10.1027/2151-2604/a000389},
	doi = {10.1027/2151-2604/a000389},
	pages = {233--236},
	number = {4},
	journaltitle = {Zeitschrift für Psychologie},
	author = {Renkewitz, Frank and Heene, Moritz},
	urldate = {2022-04-28},
	date = {2019-10-01},
}

@book{berners-lee_weaving_1999,
	location = {San Francisco},
	edition = {1st ed},
	title = {Weaving the Web: the original design and ultimate destiny of the World Wide Web by its inventor},
	isbn = {9780062515865 9780062515872},
	shorttitle = {Weaving the Web},
	pagetotal = {226},
	publisher = {{HarperSanFrancisco}},
	author = {Berners-Lee, Tim and Fischetti, Mark},
	date = {1999},
	keywords = {Berners-Lee, Tim, History, World Wide Web},
}

@book{gillies_how_2000,
	location = {Oxford},
	title = {How the Web was born: the story of the World Wide Web},
	isbn = {9780192862075},
	shorttitle = {How the Web was born},
	pagetotal = {372},
	publisher = {Oxford University Press},
	author = {Gillies, James and Cailliau, Robert},
	date = {2000},
	note = {{OCLC}: ocm43377073},
	keywords = {{CERN} Accelerator School, European Organization for Nuclear Research, History, World Wide Web},
}

@collection{brugger_web_2010,
	location = {New York},
	title = {Web history},
	isbn = {9781433104688 9781433104695},
	series = {Digital formations},
	pagetotal = {362},
	number = {v. 56},
	publisher = {P. Lang},
	editor = {Brügger, Niels},
	date = {2010},
	note = {{OCLC}: ocn455415446},
	keywords = {Aufsatzsammlung, Geschichte, History, World Wide Web},
}

@article{david_common_1998,
	title = {Common Agency Contracting and the Emergence of ,,Open Science'' Institutions},
	volume = {88},
	issn = {0002-8282},
	url = {https://www.jstor.org/stable/116885},
	pages = {15--21},
	number = {2},
	journaltitle = {The American Economic Review},
	author = {David, Paul A.},
	urldate = {2022-04-26},
	date = {1998},
}

@article{schmidt_stepping_2016,
	title = {Stepping up Open Science Training for European Research},
	volume = {4},
	issn = {2304-6775},
	url = {http://www.mdpi.com/2304-6775/4/2/16},
	doi = {10.3390/publications4020016},
	pages = {16},
	number = {2},
	journaltitle = {Publications},
	shortjournal = {Publications},
	author = {Schmidt, Birgit and Orth, Astrid and Franck, Gwen and Kuchma, Iryna and Knoth, Petr and Carvalho, José},
	urldate = {2022-04-26},
	date = {2016-06-17},
	langid = {english},
}

@artwork{knoth_open_2015,
	title = {Open Science Taxonomy},
	rights = {Creative Commons Attribution 4.0 International},
	url = {https://figshare.com/articles/figure/Open_Science_Taxonomy/1508606/3},
	abstract = {The Open Science Taxonomy is online at the {FOSTER} portal www.fosteropenscience.eu},
	author = {Knoth, Petr and Pontika, Nancy},
	urldate = {2022-04-25},
	date = {2015},
	doi = {10.6084/M9.FIGSHARE.1508606.V3},
	keywords = {{FOS}: Media and communications, Library and Information Studies},
}

@online{noauthor_what_nodate,
	title = {What is Open Data?},
	url = {http://opendatahandbook.org/guide/en/what-is-open-data/},
	abstract = {Guides, case studies and resources for government \& civil society
on the},
	urldate = {2022-04-24},
}

@online{noauthor_open_nodate-1,
	title = {Open Research Data and Materials},
	url = {https://open-science-training-handbook.gitbook.io/book/open-science-basics/open-research-data-and-materials},
	urldate = {2022-04-24},
}

@book{directorate-general_for_research_and_innovation________________________________________european_commission_horizon_2021,
	location = {{LU}},
	title = {Horizon Europe, open science: early knowledge and data sharing, and open collaboration},
	isbn = {9789276247616},
	url = {https://data.europa.eu/doi/10.2777/18252},
	shorttitle = {Horizon Europe, open science},
	abstract = {The challenge is for Europe to embrace open science as the modus operandi for all researchers. Open science consists in the sharing of knowledge, data and tools as early as possible in the Research and Innovation (R\&I) process, in open collaboration with all relevant knowledge actors, including academia, industry, public authorities, end users, citizens and society at large. Open science has the potential to increase the quality, efficiency and impact of R\&I, lead to greater responsiveness to societal challenges, and increase trust of society in the science system.},
	publisher = {Publications Office of the European Union},
	author = {{Directorate-General for Research and Innovation
                
                        (European Commission)}},
	urldate = {2022-04-22},
	date = {2021},
}

@book{grahe_journey_2021,
	location = {New York},
	title = {A Journey into Open Science and Research Transparency in Psychology},
	isbn = {9781003033851},
	abstract = {A Journey into Open Science and Research Transparency in Psychology introduces the open science movement from psychology through a narrative that integrates song lyrics, national parks, and concerns about diversity, social justice, and sustainability. Along the way, readers receive practical guidance on how to plan and share their research, matching the ideals of scientific transparency.

This book considers all the fundamental topics related to the open science movement, including: (a) causes of and responses to the Replication Crisis, (b) crowdsourcing and meta-science research, (c) preregistration, (d) statistical approaches, (e) questionable research practices, (f) research and publication ethics, (g) connections to career topics, (h) finding open science resources, (i) how open science initiatives promote diverse, just, and sustainable outcomes, and (j) the path moving forward. Each topic is introduced using terminology and language aimed at intermediate-level college students who have completed research methods courses. But the book invites all readers to reconsider their research approach and join the Scientific Revolution 2.0. Each chapter describes the associated content and includes exercises intended to help readers plan, conduct, and share their research.

This short book is intended as a supplemental text for research methods courses or just a fun and informative exploration of the fundamental topics associated with the Replication Crisis in psychology and the resulting movement to increase scientific transparency in methods.},
	pagetotal = {184},
	publisher = {Routledge},
	author = {Grahe, Jon},
	date = {2021-08-31},
	doi = {10.4324/9781003033851},
}

@article{besancon_open_2021,
	title = {Open science saves lives: lessons from the {COVID}-19 pandemic},
	volume = {21},
	issn = {1471-2288},
	url = {https://bmcmedresmethodol.biomedcentral.com/articles/10.1186/s12874-021-01304-y},
	doi = {10.1186/s12874-021-01304-y},
	shorttitle = {Open science saves lives},
	abstract = {Abstract 
             
              In the last decade Open Science principles have been successfully advocated for and are being slowly adopted in different research communities. In response to the {COVID}-19 pandemic many publishers and researchers have sped up their adoption of Open Science practices, sometimes embracing them fully and sometimes partially or in a sub-optimal manner. In this article, we express concerns about the violation of some of the Open Science principles and its potential impact on the quality of research output. We provide evidence of the misuses of these principles at different stages of the scientific process. We call for a wider adoption of Open Science practices in the hope that this work will encourage a broader endorsement of Open Science principles and serve as a reminder that science should always be a rigorous process, reliable and transparent, especially in the context of a pandemic where research findings are being translated into practice even more rapidly. We provide all data and scripts at 
              https://osf.io/renxy/ 
              .},
	pages = {117},
	number = {1},
	journaltitle = {{BMC} Medical Research Methodology},
	shortjournal = {{BMC} Med Res Methodol},
	author = {Besançon, Lonni and Peiffer-Smadja, Nathan and Segalas, Corentin and Jiang, Haiting and Masuzzo, Paola and Smout, Cooper and Billy, Eric and Deforet, Maxime and Leyrat, Clémence},
	urldate = {2022-04-21},
	date = {2021-12},
	langid = {english},
}

@article{open_science_collaboration_estimating_2015,
	title = {Estimating the reproducibility of psychological science},
	volume = {349},
	issn = {0036-8075, 1095-9203},
	url = {https://www.science.org/doi/10.1126/science.aac4716},
	doi = {10.1126/science.aac4716},
	abstract = {Empirically analyzing empirical evidence 
             
              One of the central goals in any scientific endeavor is to understand causality. Experiments that seek to demonstrate a cause/effect relation most often manipulate the postulated causal factor. Aarts 
              et al. 
              describe the replication of 100 experiments reported in papers published in 2008 in three high-ranking psychology journals. Assessing whether the replication and the original experiment yielded the same result according to several criteria, they find that about one-third to one-half of the original findings were also observed in the replication study. 
             
             
              Science 
              , this issue 
              10.1126/science.aac4716 
             
          ,  
            A large-scale assessment suggests that experimental reproducibility in psychology leaves a lot to be desired. 
          ,  
             
              {INTRODUCTION} 
              Reproducibility is a defining feature of science, but the extent to which it characterizes current research is unknown. Scientific claims should not gain credence because of the status or authority of their originator but by the replicability of their supporting evidence. Even research of exemplary quality may have irreproducible empirical findings because of random or systematic error. 
             
             
              {RATIONALE} 
              There is concern about the rate and predictors of reproducibility, but limited evidence. Potentially problematic practices include selective reporting, selective analysis, and insufficient specification of the conditions necessary or sufficient to obtain the results. Direct replication is the attempt to recreate the conditions believed sufficient for obtaining a previously observed finding and is the means of establishing reproducibility of a finding with new data. We conducted a large-scale, collaborative effort to obtain an initial estimate of the reproducibility of psychological science. 
             
             
              {RESULTS} 
               
                We conducted replications of 100 experimental and correlational studies published in three psychology journals using high-powered designs and original materials when available. There is no single standard for evaluating replication success. Here, we evaluated reproducibility using significance and 
                P 
                values, effect sizes, subjective assessments of replication teams, and meta-analysis of effect sizes. The mean effect size (r) of the replication effects ( 
                M 
                r 
                = 0.197, {SD} = 0.257) was half the magnitude of the mean effect size of the original effects ( 
                M 
                r 
                = 0.403, {SD} = 0.188), representing a substantial decline. Ninety-seven percent of original studies had significant results ( 
                P 
                {\textless} .05). Thirty-six percent of replications had significant results; 47\% of original effect sizes were in the 95\% confidence interval of the replication effect size; 39\% of effects were subjectively rated to have replicated the original result; and if no bias in original results is assumed, combining original and replication results left 68\% with statistically significant effects. Correlational tests suggest that replication success was better predicted by the strength of original evidence than by characteristics of the original and replication teams. 
               
             
             
              {CONCLUSION} 
               
                No single indicator sufficiently describes replication success, and the five indicators examined here are not the only ways to evaluate reproducibility. Nonetheless, collectively these results offer a clear conclusion: A large portion of replications produced weaker evidence for the original findings despite using materials provided by the original authors, review in advance for methodological fidelity, and high statistical power to detect the original effect sizes. Moreover, correlational evidence is consistent with the conclusion that variation in the strength of initial evidence (such as original 
                P 
                value) was more predictive of replication success than variation in the characteristics of the teams conducting the research (such as experience and expertise). The latter factors certainly can influence replication success, but they did not appear to do so here. 
               
              Reproducibility is not well understood because the incentives for individual scientists prioritize novelty over replication. Innovation is the engine of discovery and is vital for a productive, effective scientific enterprise. However, innovative ideas become old news fast. Journal reviewers and editors may dismiss a new test of a published idea as unoriginal. The claim that “we already know this” belies the uncertainty of scientific evidence. Innovation points out paths that are possible; replication points out paths that are likely; progress relies on both. Replication can increase certainty when findings are reproduced and promote innovation when they are not. This project provides accumulating evidence for many findings in psychological research and suggests that there is still more work to do to verify whether we know what we think we know. 
               
                 
                  Original study effect size versus replication effect size (correlation coefficients). 
                  Diagonal line represents replication effect size equal to original effect size. Dotted line represents replication effect size of 0. Points below the dotted line were effects in the opposite direction of the original. Density plots are separated by significant (blue) and nonsignificant (red) effects. 
                 
                 
               
             
          ,  
            Reproducibility is a defining feature of science, but the extent to which it characterizes current research is unknown. We conducted replications of 100 experimental and correlational studies published in three psychology journals using high-powered designs and original materials when available. Replication effects were half the magnitude of original effects, representing a substantial decline. Ninety-seven percent of original studies had statistically significant results. Thirty-six percent of replications had statistically significant results; 47\% of original effect sizes were in the 95\% confidence interval of the replication effect size; 39\% of effects were subjectively rated to have replicated the original result; and if no bias in original results is assumed, combining original and replication results left 68\% with statistically significant effects. Correlational tests suggest that replication success was better predicted by the strength of original evidence than by characteristics of the original and replication teams.},
	pages = {aac4716},
	number = {6251},
	journaltitle = {Science},
	shortjournal = {Science},
	author = {{Open Science Collaboration}},
	urldate = {2022-04-21},
	date = {2015-08-28},
	langid = {english},
}

@article{franco_publication_2014,
	title = {Publication bias in the social sciences: Unlocking the file drawer},
	volume = {345},
	issn = {0036-8075, 1095-9203},
	url = {https://www.science.org/doi/10.1126/science.1255484},
	doi = {10.1126/science.1255484},
	shorttitle = {Publication bias in the social sciences},
	abstract = {The file drawer is full. Should we worry? 
             
              Experiments that produce null results face a higher barrier to publication than those that yield statistically significant differences. Whether this is a problem depends on how many null but otherwise valid results might be trapped in the file drawer. Franco 
              et al. 
              use a Time-sharing Experiments in the Social Sciences archive of nearly 250 peer-reviewed proposals of social science experiments conducted on nationally representative samples. They find that only 10 out of 48 null results were published, whereas 56 out of 91 studies with strongly significant results made it into a journal. 
             
             
              Science 
              , this issue p. 
              1502 
             
          ,  
            Fully half of peer-reviewed and implemented social science experiments are not published. 
          ,  
            We studied publication bias in the social sciences by analyzing a known population of conducted studies—221 in total—in which there is a full accounting of what is published and unpublished. We leveraged Time-sharing Experiments in the Social Sciences ({TESS}), a National Science Foundation–sponsored program in which researchers propose survey-based experiments to be run on representative samples of American adults. Because {TESS} proposals undergo rigorous peer review, the studies in the sample all exceed a substantial quality threshold. Strong results are 40 percentage points more likely to be published than are null results and 60 percentage points more likely to be written up. We provide direct evidence of publication bias and identify the stage of research production at which publication bias occurs: Authors do not write up and submit null findings.},
	pages = {1502--1505},
	number = {6203},
	journaltitle = {Science},
	shortjournal = {Science},
	author = {Franco, Annie and Malhotra, Neil and Simonovits, Gabor},
	urldate = {2022-04-21},
	date = {2014-09-19},
	langid = {english},
}

@article{fiedler_questionable_2016,
	title = {Questionable Research Practices Revisited},
	volume = {7},
	issn = {1948-5506, 1948-5514},
	url = {http://journals.sagepub.com/doi/10.1177/1948550615612150},
	doi = {10.1177/1948550615612150},
	abstract = {The current discussion of questionable research practices ({QRPs}) is meant to improve the quality of science. It is, however, important to conduct {QRP} studies with the same scrutiny as all research. We note problems with overestimates of {QRP} prevalence and the survey methods used in the frequently cited study by John, Loewenstein, and Prelec. In a survey of German psychologists, we decomposed {QRP} prevalence into its two multiplicative components, proportion of scientists who ever committed a behavior and, if so, how frequently they repeated this behavior across all their research. The resulting prevalence estimates are lower by order of magnitudes. We conclude that inflated prevalence estimates, due to problematic interpretation of survey data, can create a descriptive norm ({QRP} is normal) that can counteract the injunctive norm to minimize {QRPs} and unwantedly damage the image of behavioral sciences, which are essential to dealing with many societal problems.},
	pages = {45--52},
	number = {1},
	journaltitle = {Social Psychological and Personality Science},
	shortjournal = {Social Psychological and Personality Science},
	author = {Fiedler, Klaus and Schwarz, Norbert},
	urldate = {2022-04-21},
	date = {2016-01},
	langid = {english},
}

@online{noauthor_rk_2020,
	title = {{RK} \& {OS}},
	url = {http://methods-berlin.com/de/replikationskrise_open_science/},
	abstract = {Die Replikationskrise und Open Science Im Folgenden lernen wir die Replikationskrise und die ihr zugrundeliegenden Ursachen kennen. Wir schauen uns außerdem die Grundsätze der Open Science Bewegung…},
	titleaddon = {Methodengruppe Berlin},
	urldate = {2022-04-21},
	date = {2020-11-13},
	langid = {german},
}

@article{freese_replication_2017,
	title = {Replication in Social Science},
	volume = {43},
	issn = {0360-0572, 1545-2115},
	url = {https://www.annualreviews.org/doi/10.1146/annurev-soc-060116-053450},
	doi = {10.1146/annurev-soc-060116-053450},
	abstract = {Across the medical and social sciences, new discussions about replication have led to transformations in research practice. Sociologists, however, have been largely absent from these discussions. The goals of this review are to introduce sociologists to these developments, synthesize insights from science studies about replication in general, and detail the specific issues regarding replication that occur in sociology. The first half of the article argues that a sociologically sophisticated understanding of replication must address both the ways that replication rules and conventions evolved within an epistemic culture and how those cultures are shaped by specific research challenges. The second half outlines the four main dimensions of replicability in quantitative sociology—verifiability, robustness, repeatability, and generalizability—and discusses the specific ambiguities of interpretation that can arise in each. We conclude by advocating some commonsense changes to promote replication while acknowledging the epistemic diversity of our field.},
	pages = {147--165},
	number = {1},
	journaltitle = {Annual Review of Sociology},
	shortjournal = {Annu. Rev. Sociol.},
	author = {Freese, Jeremy and Peterson, David},
	urldate = {2022-04-21},
	date = {2017-07-31},
	langid = {english},
}

@article{bakker_rules_2012,
	title = {The Rules of the Game Called Psychological Science},
	volume = {7},
	issn = {1745-6916, 1745-6924},
	url = {http://journals.sagepub.com/doi/10.1177/1745691612459060},
	doi = {10.1177/1745691612459060},
	abstract = {If science were a game, a dominant rule would probably be to collect results that are statistically significant. Several reviews of the psychological literature have shown that around 96\% of papers involving the use of null hypothesis significance testing report significant outcomes for their main results but that the typical studies are insufficiently powerful for such a track record. We explain this paradox by showing that the use of several small underpowered samples often represents a more efficient research strategy (in terms of finding p {\textless} .05) than does the use of one larger (more powerful) sample. Publication bias and the most efficient strategy lead to inflated effects and high rates of false positives, especially when researchers also resorted to questionable research practices, such as adding participants after intermediate testing. We provide simulations that highlight the severity of such biases in meta-analyses. We consider 13 meta-analyses covering 281 primary studies in various fields of psychology and find indications of biases and/or an excess of significant results in seven. These results highlight the need for sufficiently powerful replications and changes in journal policies.},
	pages = {543--554},
	number = {6},
	journaltitle = {Perspectives on Psychological Science},
	shortjournal = {Perspect Psychol Sci},
	author = {Bakker, Marjan and van Dijk, Annette and Wicherts, Jelte M.},
	urldate = {2022-04-21},
	date = {2012-11},
	langid = {english},
}

@article{ioannidis_why_2005,
	title = {Why Most Published Research Findings Are False},
	volume = {2},
	issn = {1549-1676},
	url = {https://dx.plos.org/10.1371/journal.pmed.0020124},
	doi = {10.1371/journal.pmed.0020124},
	pages = {e124},
	number = {8},
	journaltitle = {{PLoS} Medicine},
	shortjournal = {{PLoS} Med},
	author = {Ioannidis, John P. A.},
	urldate = {2022-04-21},
	date = {2005-08-30},
	langid = {english},
}

@article{herndon_does_2014,
	title = {Does high public debt consistently stifle economic growth? A critique of Reinhart and Rogoff},
	volume = {38},
	issn = {0309-166X},
	url = {https://www.jstor.org/stable/24694929},
	shorttitle = {Does high public debt consistently stifle economic growth?},
	abstract = {We replicate Reinhart and Rogoff (2010A and 2010B) and find that selective exclusion of available data, coding errors and inappropriate weighting of summary statistics lead to serious miscalculations that inaccurately represent the relationship between public debt and {GDP} growth among 20 advanced economies. Over 1946–2009, countries with public debt/{GDP} ratios above 90\% averaged 2.2\% real annual {GDP} growth, not −0.1\% as published. The published results for (i) median {GDP} growth rates for the 1946–2009 period and (ii) mean and median {GDP} growth figures over 1790–2009 are all distorted by similar methodological errors, although the magnitudes of the distortions are somewhat smaller than with the mean figures for 1946–2009. Contrary to Reinhart and Rogoff's broader contentions, both mean and median {GDP} growth when public debt levels exceed 90\% of {GDP} are not dramatically different from when the public debt/{GDP} ratios are lower. The relationship between public debt and {GDP} growth varies significantly by period and country. Our overall evidence refutes {RR}'s claim that public debt/{GDP} ratios above 90\% consistently reduce a country's {GDP} growth.},
	pages = {257--279},
	number = {2},
	journaltitle = {Cambridge Journal of Economics},
	author = {Herndon, Thomas and Ash, Michael and Pollin, Robert},
	urldate = {2022-04-21},
	date = {2014},
}

@book{wustenberg_zivilgesellschaft_2020,
	location = {Berlin Münster},
	title = {Zivilgesellschaft und Erinnerungspolitik in Deutschland seit 1945},
	isbn = {9783643147981},
	series = {Memory studies},
	pagetotal = {360},
	number = {Band 2},
	publisher = {{LIT}},
	author = {Wüstenberg, Jenny},
	date = {2020},
}

@book{klatt_unbequeme_2009,
	location = {Boston},
	title = {Unbequeme Vergangenheit Antisemitismus, Judenverfolgung und Wiedergutmachung in Westfalen 1925-1965.},
	isbn = {9783657765942},
	url = {http://public.eblib.com/choice/PublicFullRecord.aspx?p=6515497},
	publisher = {{BRILL}},
	author = {Klatt, Marlene},
	urldate = {2021-11-08},
	date = {2009},
	note = {{OCLC}: 1243549210},
	keywords = {Online-Ressource},
}

@article{franzke_repositorien_2017,
	title = {Repositorien für Forschungsdaten am Beispiel der Digital Humanities im nationalen und internationalen Vergleich – Potentiale und Grenzen},
	volume = {Bd. 6},
	url = {http://journals.ub.uni-heidelberg.de/index.php/bibliothek/article/view/42164},
	doi = {10.11588/PB.2017.1.42164},
	abstract = {Die Bedeutung von digitalen Forschungsdaten und deren Archivierung hat in jüngster Zeit vermehrt das Interesse sowohl von Bibliotheken als auch von die Forschungsinfrastruktur beeinflussenden Institutionen auf sich gezogen. Eine Vielzahl an Repositorien für das Forschungsfeld der Digital Humanities steht den Wissenschaftlerinnen und Wissenschaftlern zur Verfügung, um Daten zu erfassen, bereitzustellen und zu bewahren.  
 
Der Beitrag erörtert die für den Betrieb eines vertrauenswürdigen Repositoriums notwendigen Qualitätskriterien wie {OAIS}-Modell, Policies, Siegel, Zertifikate und Eigenbeurteilungen, um somit den Nutzerinnen und Nutzern die notwendige Transparenz für die Einschätzung eines Repositoriums aufzuzeigen. Im Anschluss werden in Auswahl die Repositorien {HZSK}, {HDC}, Text-Grid Repository, {DARIAH}-{DE} Repository, {GAMS}, {LAC} und {EASY}-{DANS} analysiert und eingeordnet.},
	pages = {2--33 Seiten},
	journaltitle = {Perspektive Bibliothek},
	author = {Franzke, Cordula},
	urldate = {2021-10-27},
	date = {2017-11-09},
	langid = {german},
}

@book{hilberg_vernichtung_2017,
	location = {Frankfurt am Main},
	edition = {13. Auflage, durchgesehene und erweiterte Ausgabe},
	title = {Die Vernichtung der europäischen Juden. Band 3},
	isbn = {9783596244171},
	series = {Geschichte Fischer},
	pagetotal = {1061},
	publisher = {Fischer Taschenbuch Verlag},
	author = {Hilberg, Raul},
	date = {2017},
}

@article{kreutzmuller_rezension_2014,
	title = {Rezension zu M. Janetzko: ,,Arisierung'' jüdischer Unternehmen in Bayern 1933–1939},
	url = {www.hsozkult.de/publicationreview/id/reb-19630},
	author = {Kreutzmüller, Christoph},
	date = {2014},
}

@book{janetzko_arisierung_2012,
	location = {Ansbach},
	title = {Die ,,Arisierung'' mittelständischer jüdischer Unternehmen in Bayern 1933 - 1939: ein interregionaler Vergleich},
	isbn = {9783877078556},
	series = {Mittelfränkische Studien},
	shorttitle = {Die "Arisierung" mittelständischer jüdischer Unternehmen in Bayern 1933 - 1939},
	pagetotal = {381},
	number = {Bd. 22},
	publisher = {Selbstverl. des Historischen Vereins für Mittelfranken},
	author = {Janetzko, Maren},
	editora = {{Ruhr-Universität Bochum}},
	editoratype = {collaborator},
	date = {2012},
	keywords = {besorgen, in {HU}-Bib},
}

@collection{priamus_was_2007,
	location = {Essen},
	edition = {1. Aufl},
	title = {Was die Nationalsozialisten ,,Arisierung'' nannten: Wirtschaftsverbrechen in Gelsenkirchen während des "Dritten Reiches"},
	isbn = {9783898618434},
	series = {Schriftenreihe des Instituts für Stadtgeschichte. Beiträge},
	shorttitle = {Was die Nationalsozialisten "Arisierung" nannten},
	pagetotal = {224},
	number = {Bd. 13},
	publisher = {Klartext},
	editor = {Priamus, Heinz-Jürgen},
	date = {2007},
	note = {{OCLC}: ocn166334030},
	keywords = {Aryanization, Confiscations, Germany Gelsenkirchen, Holocaust, Jewish (1939-1945), Jewish property, besorgen, nur in {StaBi}},
}

@book{bopf_arisierung_2004,
	location = {Köln},
	title = {,,Arisierung'' in Köln: die wirtschaftliche Existenzvernichtung der Juden 1933 - 1945},
	isbn = {9783897053113},
	series = {Schriften des {NS}-Dokumentationszentrums der Stadt Köln},
	shorttitle = {"Arisierung" in Köln},
	pagetotal = {430},
	number = {10},
	publisher = {Emons},
	author = {Bopf, Britta},
	date = {2004},
	keywords = {besorgen, nur in {StaBi}},
}

@book{nietzel_handeln_2012,
	location = {Göttingen},
	title = {Handeln und Überleben: jüdische Unternehmer aus Frankfurt am Main 1924-1964},
	isbn = {978-3-525-37024-7},
	url = {https://www.vr-elibrary.de/doi/book/10.13109/9783666370243},
	series = {Kritische Studien zur Geschichtswissenschaft},
	shorttitle = {Handeln und Überleben},
	pagetotal = {384},
	number = {Band 204},
	publisher = {Vandenhoeck \& Ruprecht},
	author = {Nietzel, Benno},
	urldate = {2021-10-06},
	date = {2012},
	note = {{OCLC}: ocn792795514},
	keywords = {Anti-Jewish boycotts, Germany, Jewish businesspeople, National socialism, Open-Access},
}

@collection{buttner_unrechtsregime_1986,
	location = {Hamburg},
	title = {Das Unrechtsregime: internationale Forschung über den Nationalsozialismus},
	isbn = {978-3-7672-0962-6 978-3-7672-0963-3},
	url = {https://www.zeitgeschichte-hamburg.de/contao/files/fzh/Digitalisate/Ursula%20Buettner%20Das%20Unrechtsregime%20Bd%202.pdf},
	series = {Hamburger Beiträge zur Sozial- und Zeitgeschichte},
	shorttitle = {Das Unrechtsregime},
	pagetotal = {2},
	number = {Bd. 21-22},
	publisher = {Christians},
	editor = {Büttner, Ursula and Johe, Werner and Voss-Louis, Angelika and Jochmann, Werner},
	urldate = {2021-10-06},
	date = {1986},
	keywords = {1933-1945, Germany, National socialism, Online-Access, Politics and government},
}

@book{klatt_arisierung_2014,
	title = {,,Arisierung'' und ,,Wiedergutmachung'' in deutschen Städten},
	isbn = {978-3-412-21814-0 978-3-412-22160-7 978-3-412-21668-9},
	url = {https://www.vr-elibrary.de/doi/book/10.7788/boehlau.9783412216689},
	abstract = {'Arisierung' und Wiedergutmachung werden in der historischen Forschung oft getrennt voneinander betrachtet. Der vorliegende Band nimmt beide Prozesse in den Blick und verbindet damit aktuelle Ergebnisse zu diesen beiden Forschungsfeldern. Im Mittelpunkt steht der Umgang der deutschen Städte mit 'Arisierung' und 'Wiedergutmachung', schließlich berührten beide Vorgänge die Kommunen unmittelbar.},
	author = {Klatt, Marlene and Volmer-Naumann, Julia and Schrafstetter, Susanna and Dedert, Lina-Mareike and Tatzkow, Monika and Saalmann, Timo and Nietzel, Benno and Kreutzmüller, Christoph and Unfried, Berthold and Schilde, Kurt and Paulmann, Johannes and Fritsche, Christiane},
	urldate = {2021-10-06},
	date = {2014},
	note = {{OCLC}: 889999609},
	keywords = {Open Access},
}

@book{bajohr_arisierung_1997,
	location = {Hamburg},
	title = {,,Arisierung'' in Hamburg: die Verdrängung der jüdischen Unternehmer 1933-1945},
	isbn = {978-3-7672-1302-9},
	url = {https://www.zeitgeschichte-hamburg.de/contao/files/fzh/Digitalisate/Frank%20Bajohr%20Arisierung%20in%20Hamburg.pdf},
	series = {Hamburger Beiträge zur Sozial- und Zeitgeschichte},
	shorttitle = {"Arisierung" in Hamburg},
	pagetotal = {415},
	number = {Bd. 35},
	publisher = {Christians},
	author = {Bajohr, Frank},
	urldate = {2021-10-06},
	date = {1997},
	keywords = {Confiscations, Economic conditions, Germany Hamburg, Jewish businesspeople, Jewish property, Jews, National socialism, Online-Ressource},
}

@book{selig_arisierung_2004,
	location = {Berlin},
	title = {,,Arisierung'' in München: die Vernichtung jüdischer Existenz 1937-1939},
	isbn = {978-3-936411-33-1},
	shorttitle = {"Arisierung" in München},
	pagetotal = {960},
	publisher = {Metropol},
	author = {Selig, Wolfram},
	date = {2004},
	keywords = {Confiscations, Germany Munich, Jewish businesspeople, Jewish property, Jews, besorgen, in {HU}-Bib},
}

@book{barkai_vom_2016,
	location = {Frankfurt am Main},
	edition = {Unveränderter Reprint einer älteren Ausgabe (1988)},
	title = {Vom Boykott zur »Entjudung«: der wirtschaftliche Existenzkampf der Juden im Dritten Reich 1933–1943},
	isbn = {978-3-596-31546-8},
	series = {Fischer Taschenbücher},
	shorttitle = {Vom Boykott zur »Entjudung«},
	pagetotal = {234},
	number = {31546},
	publisher = {Fischer Taschenbuch Verlag},
	author = {Barkai, Avraham},
	date = {2016},
	keywords = {besorgen, in {HU}-Bib},
}

@collection{baumann_munchen_2004,
	location = {München},
	title = {München ,,arisiert'': Entrechtung und Enteignung der Juden in der {NS}-Zeit},
	isbn = {978-3-406-51756-3},
	shorttitle = {München "arisiert"},
	pagetotal = {279},
	publisher = {C.H. Beck},
	editor = {Baumann, Angelika and Heusler, Andreas and Munich (Germany)},
	date = {2004},
	keywords = {20th century, Aryanization, Ethnic relations, Germany Munich, History, Holocaust, Jewish (1939-1945), Jews, Munich (Germany), besorgen, in {HU}-Bib},
}

@article{rappl_arisierungen_2000,
	title = {,,ARISIERUNGEN'' IN MÜNCHEN Die Verdrängung der jüdischen Gewerbetreibenden aus dem  Wirtschaftsleben der Stadt 1933-1939},
	volume = {63},
	url = {http://daten.digitale-sammlungen.de/bsb00003254/image_127},
	pages = {123--184},
	number = {1},
	journaltitle = {Zeitschrift für bayerische Landesgeschichte},
	author = {Rappl, Marian},
	urldate = {2021-09-30},
	date = {2000},
}

@article{janetzko_rezension_2014,
	title = {Rezension: Christiane Fritsche: Ausgeplündert, zurückerstattet und entschädigt. Arisierung und Wiedergutmachung in Mannheim (rezensiert von Maren Janetzko)},
	rights = {Creative-Commons-Lizenz Namensnennung-Keine kommerzielle Nutzung-Keine Bearbeitung ({CC}-{BY}-{NC}-{ND}) http://creativecommons.org/licenses/by-nc-nd/2.0/deed.de},
	url = {http://www.recensio.net//rezensionen/zeitschriften/vierteljahrschrift-fuer-sozial-und-wirtschaftsgeschichte/2014/1/ReviewMonograph768929858},
	doi = {10.15463/REC.1189727726},
	shorttitle = {Rezension},
	author = {Janetzko, Maren},
	urldate = {2021-09-30},
	date = {2014},
	note = {{ISBN}: 9783897357723
Publisher: {BSB} - Bavarian State Library},
}

@collection{dahm_juden_1996,
	location = {München},
	edition = {4., unveränd. Aufl},
	title = {Die Juden in Deutschland 1933 - 1945: Leben unter nationalsozialistischer Herrschaft ; [Veröffentlichung des Instituts für Zeitgeschichte]},
	isbn = {978-3-406-37325-1},
	series = {Beck's historische Bibliothek},
	shorttitle = {Die Juden in Deutschland 1933 - 1945},
	pagetotal = {779},
	publisher = {Beck},
	editor = {Dahm, Volker and Benz, Wolfgang and Institut für Zeitgeschichte},
	date = {1996},
	keywords = {besorgen, in {HU}-Bib},
}

@book{fritsche_ausgeplundert_2013,
	location = {Ubstadt-Weiher Heidelberg Neustadt a.d.W. Basel},
	edition = {2. Aufl},
	title = {Ausgeplündert, zurückerstattet und entschädigt: Arisierung und Wiedergutmachung in Mannheim},
	isbn = {978-3-89735-772-3},
	series = {Sonderveröffentlichung des Stadtarchivs Mannheim - Institut für Stadtgeschichte},
	shorttitle = {Ausgeplündert, zurückerstattet und entschädigt},
	pagetotal = {960},
	number = {Bd. 39},
	publisher = {Verl. Regionalkultur},
	author = {Fritsche, Christiane},
	date = {2013},
	keywords = {besorgen, in {HU}-Bib},
}

@article{kreutzmuller_vernichtung_2020,
	title = {Vernichtung der jüdischen Gewerbetätigkeit im Nationalsozialismus. Abläufe, Blickwinkel und Begrifflichkeiten},
	rights = {{ZZF} - Clio Lizenz},
	url = {https://zeitgeschichte-digital.de/doks/1736},
	doi = {10.14765/ZZF.DOK-1736},
	abstract = {Der Prozess der Vernichtung der jüdischen Gewerbetätigkeit im Nationalsozialismus stellt wohl den radikalsten und in dieser Radikalität „erfolgreichsten“ Umsteuerungsvorgang in der Wirtschaft dar. Christoph Kreutzmüller gibt einen Forschungs-Überblick zum Thema und diskutiert die Reichweite der genutzten Begrifflichkeiten. Am Beispiel Berlins stellt er die Entwicklung der Vernichtung der jüdischen Gewerbetätigkeit und die Reaktionen der jüdischen Gewerbetreibenden darauf dar und ordnet sie in den breiteren Kontext der Holocaust-Forschung ein.},
	author = {Kreutzmüller, Christoph},
	urldate = {2021-07-30},
	date = {2020},
	langid = {german},
	note = {Publisher: {ZZF} - Centre for Contemporary History: Docupedia},
}

@article{nietzel_vernichtung_2009,
	title = {Die Vernichtung der wirtschaftlichen Existenz der deutschen Juden 1933-1945: Ein Literatur- und Forschungsbericht},
	volume = {49},
	issn = {0066-6505},
	url = {https://www.fes.de/index.php?eID=dumpFile&t=f&f=46860&token=5cac9ba7a7532771513ca836afa73be9112d96db},
	pages = {561--613},
	journaltitle = {Archiv für Sozialgeschichte},
	author = {Nietzel, Benno},
	urldate = {2021-07-30},
	date = {2009},
}

@book{kreutzmuller_ausverkauf_2012,
	location = {Berlin},
	title = {Ausverkauf: die Vernichtung der jüdischen Gewerbetätigkeit in Berlin 1930-1945},
	isbn = {978-3-86331-080-6},
	shorttitle = {Ausverkauf},
	pagetotal = {427},
	publisher = {Metropol},
	author = {Kreutzmüller, Christoph},
	date = {2012},
	note = {{OCLC}: ocn826062966},
	keywords = {20th century, Anti-Jewish boycotts, Antisemitism, Germany Berlin, History, Jews, Persecutions},
}

@book{european_commission_directorate_general_for_research_and_innovation_turning_2018,
	location = {{LU}},
	title = {Turning {FAIR} into reality :final report and action plan from the European Commission expert group on {FAIR} data.},
	url = {https://data.europa.eu/doi/10.2777/54599},
	shorttitle = {Turning {FAIR} into reality},
	publisher = {Publications Office},
	author = {{European Commission. Directorate General for Research and Innovation.}},
	urldate = {2022-06-03},
	date = {2018},
}

@article{putman_wikigenomes_2017,
	title = {{WikiGenomes}: an open web application for community consumption and curation of gene annotation data in Wikidata},
	volume = {2017},
	issn = {1758-0463},
	url = {https://academic.oup.com/database/article/doi/10.1093/database/bax025/3084697},
	doi = {10.1093/database/bax025},
	shorttitle = {{WikiGenomes}},
	journaltitle = {Database},
	author = {Putman, Tim E. and Lelong, Sebastien and Burgstaller-Muehlbacher, Sebastian and Waagmeester, Andra and Diesh, Colin and Dunn, Nathan and Munoz-Torres, Monica and Stupp, Gregory S. and Wu, Chunlei and Su, Andrew I. and Good, Benjamin M.},
	urldate = {2022-06-03},
	date = {2017-01-01},
	langid = {english},
}

@collection{deutsche_unesco-kommission_open_2020,
	location = {Berlin},
	title = {Open Science: Perspektiven aus Deutschland auf die Erarbeitung der geplanten Empfehlung der {UNESCO} = {UNESCO} recommendation on Open Science},
	isbn = {9783947675012},
	shorttitle = {Open science},
	pagetotal = {54},
	publisher = {Deutsche {UNESCO}-Kommission e.V},
	editor = {{Deutsche Unesco-Kommission}},
	date = {2020},
}

@inbook{broy_anforderungsanalyse_2021,
	location = {Berlin, Heidelberg},
	title = {Anforderungsanalyse und Anforderungsmanagement},
	isbn = {9783662502624 9783662502631},
	url = {https://link.springer.com/10.1007/978-3-662-50263-1_5},
	pages = {199--222},
	booktitle = {Einführung in die Softwaretechnik},
	publisher = {Springer Berlin Heidelberg},
	author = {Broy, Manfred and Kuhrmann, Marco},
	bookauthor = {Broy, Manfred and Kuhrmann, Marco},
	urldate = {2022-06-05},
	date = {2021},
	langid = {german},
	doi = {10.1007/978-3-662-50263-1_5},
}